<?xml version="1.0" encoding="UTF-8"?><collection xmlns="http://www.loc.gov/MARC21/slim"><record><leader>00447nam--2200157-i-4500</leader><controlfield tag="001">000039481</controlfield><controlfield tag="002">20161230</controlfield><controlfield tag="005">20161230201042</controlfield><controlfield tag="008">060222s1000------------r-----000-0-eng-d</controlfield><datafield ind1=" " ind2=" " tag="080"><subfield code="a">517(075.8):512</subfield></datafield><datafield ind1="1" ind2=" " tag="100"><subfield code="a">Rosculet, Marcel N</subfield></datafield><datafield ind1="1" ind2="0" tag="245"><subfield code="a">Manual de analiza matematica. vol.1: algebra. calcul diferential</subfield></datafield><datafield ind1=" " ind2=" " tag="260"><subfield code="a">Bucuresti, Editura Didactica Si Pedagogica, 1964</subfield></datafield><datafield ind1=" " ind2=" " tag="300"><subfield code="a">472 p</subfield></datafield><datafield ind1=" " ind2=" " tag="852"><subfield code="a">9876</subfield><subfield code="c">517</subfield></datafield><datafield ind1=" " ind2=" " tag="CAT"><subfield code="a">Sys</subfield><subfield code="c">20080617</subfield><subfield code="h">105450</subfield></datafield></record></collection>